@misc{gurobi,
	author = "Gurobi Optimization, Inc.",
	title = "Gurobi Optimizer Reference Manual",
	year = 2013,
	url = "http://www.gurobi.com"
}